<record><leader>00000cas a22000007a 4500</leader><controlfield tag="001">23108001</controlfield><controlfield tag="008">910215d19001912couwr ne      0    0eng d</controlfield><datafield ind1=" " ind2=" " tag="010"><subfield code="a">sn 91052090 </subfield></datafield><datafield ind1=" " ind2=" " tag="040"><subfield code="a">CNQ</subfield><subfield code="b">eng</subfield><subfield code="c">CNQ</subfield><subfield code="d">OCLCQ</subfield></datafield><datafield ind1=" " ind2=" " tag="042"><subfield code="a">msc</subfield></datafield><datafield ind1="0" ind2="4" tag="245"><subfield code="a">The Trinidad monitor.</subfield></datafield><datafield ind1="1" ind2="3" tag="246"><subfield code="a">Daily advertiser</subfield></datafield><datafield ind1="1" ind2="7" tag="246"><subfield code="a">Trinidad advertiser</subfield></datafield><datafield ind1=" " ind2=" " tag="260"><subfield code="a">Trinidad, Colo. :</subfield><subfield code="b">Hasnier &amp; Hollenbeck</subfield></datafield><datafield ind1=" " ind2=" " tag="300"><subfield code="a">v.</subfield></datafield><datafield ind1=" " ind2=" " tag="310"><subfield code="a">Weekly</subfield></datafield><datafield ind1="0" ind2=" " tag="362"><subfield code="a">Vol. 9, no. 31 (Nov. 16, 1900)-v. 38, no. 18 (Aug. 30, 1912).</subfield></datafield><datafield ind1=" " ind2=" " tag="515"><subfield code="a">Numbering is irregular.</subfield></datafield><datafield ind1=" " ind2=" " tag="530"><subfield code="a">Available on microfilm from the Colorado Historical Society.</subfield></datafield><datafield ind1=" " ind2=" " tag="580"><subfield code="a">Daily eds.: Daily advertiser (Trinidad, Colo. : 1901), and Trinidad advertiser.</subfield></datafield><datafield ind1=" " ind2=" " tag="752"><subfield code="a">United States</subfield><subfield code="b">Colorado</subfield><subfield code="c">Las Animas</subfield><subfield code="d">Trinidad.</subfield></datafield><datafield ind1="1" ind2=" " tag="775"><subfield code="t">Daily advertiser (Trinidad, Colo. : 1901)</subfield><subfield code="w">(DLC)sn 90051652</subfield></datafield><datafield ind1="1" ind2=" " tag="775"><subfield code="t">Trinidad advertiser</subfield><subfield code="w">(DLC)sn 90051654</subfield></datafield><datafield ind1="0" ind2="0" tag="780"><subfield code="t">Twice-a-week monitor</subfield><subfield code="w">(DLC)sn 91052026</subfield></datafield><datafield ind1="0" ind2="5" tag="780"><subfield code="t">Weekly advertiser (Trinidad, Colo)</subfield><subfield code="w">(DLC)sn 91052028</subfield></datafield><datafield ind1="0" ind2="7" tag="785"><subfield code="t">Trinidad advertiser</subfield><subfield code="w">(DLC)sn 90051654</subfield></datafield><datafield ind1="0" ind2="7" tag="785"><subfield code="t">Advertiser-monitor</subfield><subfield code="w">(DLC)sn 91052089</subfield></datafield></record>